@misc{Satu_Elisa_Schaeffer,
    title={Practica # 3},
    url={https://elisa.dyndns-web.com/teaching/comp/par/p3.html}
}

@misc{Elisa_Schaeffer,
    title={Repositorio},
    url={https://github.com/satuelisa/Simulation}
}
@misc{Denisse_Leyva,
    title={Repositorio},
    url={https://github.com/Denisse251/Simulation/tree/main/Tarea.3}
}
@misc{Denisse_L,
    title={Sitio Web Numeros Primos},
    url={https://primes.utm.edu/lists/small/millions/}
}
