@misc{Satu_Elisa_Schaeffer,
    title={Elisa Schaeffer Práctica # 5},
    url={https://elisa.dyndns-web.com/teaching/comp/par/p5.html}
}

@misc{Elisa_Schaeffer,
    title={Elisa Schaeffer Repositorio},
    url={https://github.com/satuelisa/Simulation}
}
@misc{Denisse_Leyva,
    title={Denisse Leyva Repositorio},
    url={https://github.com/Denisse251/Simulation/tree/main/Tarea.5}
}
@misc{Will_Kurt,
    title={Kurt: 6 Neat Tricks with Monte Carlo Simulations — Count Bayesie; Probably a probability blog, March 24, 2015.},
    url={https://www.countbayesie.com/blog/2015/3/3/6-amazing-trick-with-monte-carlo-simulations}
}
@misc{Librería_Reto1,
    title={Librería numpy.random.uniform.},
    url={https://numpy.org/doc/stable/reference/random/generated/numpy.random.uniform.html}
}
@misc{Librería_Reto2,
    title={Librería_scikit-learn.},
    url={https://scikit-learn.org/stable/install.html}
}
