@misc{Satu_Elisa_Schaeffer,
    title={Practica # 2},
    url={https://elisa.dyndns-web.com/teaching/comp/par/p2.html}
}

@misc{Elisa_Schaeffer,
    title={Repositorio},
    url={https://github.com/satuelisa/Simulation}
}
@misc{Denisse_Leyva,
    title={Repositorio},
    url={https://github.com/Denisse251/Simulation/tree/main/Tarea.2}
}
