@misc{Satu_Elisa_Schaeffer,
    title={Elisa Schaeffer Pr√°ctica # 7},
    url={https://elisa.dyndns-web.com/teaching/comp/par/p9.html}
}

@misc{Elisa_Schaeffer,
    title={Elisa Schaeffer Repositorio},
    url={https://github.com/satuelisa/Simulation}
}
@misc{Denisse_Leyva,
    title={Denisse Leyva Repositorio},
    url={https://github.com/Denisse251/Simulation/tree/main/Tarea.9}
}
